@article{nita_2018,
  title={Deep Learning Performance on Different Architectures},
  author={Nita, Spyro},
  year = 2018,
  url={https://static.epcc.ed.ac.uk/dissertations/hpc-msc/2017-2018/Spyro_Nita-dissertation-spyro-nita.pdf},
}


@article{lecun_et_al_2015,
author = {LeCun, Yann and Bengio, Y. and Hinton, Geoffrey},
year = {2015},
month = {05},
pages = {436-44},
title = {Deep Learning},
volume = {521},
journal = {Nature},
doi = {10.1038/nature14539}
}


@misc{openai2019,
  title={{AI and Compute}},
  author={Amodei, Dario and Hernandez, Danny and Sastry, Girish and
          Clark, Jack and Brockman, Greg and Sutskever, Ilya},
  year=2019,
  howpublished="\url{https://openai.com/blog/ai-and-compute/}",
}


@misc{spinn_proj,
  author = {{SpiNNaker Team}},
  title = {{SpiNNaker Project}},
  year = 2020,
  url={http://apt.cs.manchester.ac.uk/projects/SpiNNaker/project/},
}

@misc{proj,
  author = {{Mario Antonioletti and Alan Stokes}},
  title = {{A Tensorflow Backend to SpiNNaker}},
  year = 2019,
  url = {https://www.wiki.ed.ac.uk/display/hpcdis/A+TensorFlow+BackEnd+to+SpiNNaker},
}


@misc{keras,
  title={Keras},
  author={Chollet, Fran\c{c}ois and others},
  year={2015},
  howpublished={\url{https://keras.io}},
}


@article{mittal_et_al_2019,
author = {Mittal, Sparsh and Vaishay, Shraiysh},
year = {2019},
month = {08},
pages = {},
title = {A Survey of Techniques for Optimizing Deep Learning on GPUs},
journal = {Journal of Systems Architecture},
doi = {10.1016/j.sysarc.2019.101635}
}


@book{goodfellow2016,
series = {Adaptive computation and machine learning},
publisher = {The MIT Press},
isbn = {0262035618},
year = {2016},
title = {Deep learning},
language = {eng},
address = {Cambridge, Massachusetts},
author = {Goodfellow, Ian},
keywords = {Machine learning},
}


@article{tpus,
  author    = {Norman P. Jouppi and
               Cliff Young and
               Nishant Patil and
               David A. Patterson and
               Gaurav Agrawal and
               Raminder Bajwa and
               Sarah Bates and
               Suresh Bhatia and
               Nan Boden and
               Al Borchers and
               Rick Boyle and
               Pierre{-}luc Cantin and
               Clifford Chao and
               Chris Clark and
               Jeremy Coriell and
               Mike Daley and
               Matt Dau and
               Jeffrey Dean and
               Ben Gelb and
               Tara Vazir Ghaemmaghami and
               Rajendra Gottipati and
               William Gulland and
               Robert Hagmann and
               Richard C. Ho and
               Doug Hogberg and
               John Hu and
               Robert Hundt and
               Dan Hurt and
               Julian Ibarz and
               Aaron Jaffey and
               Alek Jaworski and
               Alexander Kaplan and
               Harshit Khaitan and
               Andy Koch and
               Naveen Kumar and
               Steve Lacy and
               James Laudon and
               James Law and
               Diemthu Le and
               Chris Leary and
               Zhuyuan Liu and
               Kyle Lucke and
               Alan Lundin and
               Gordon MacKean and
               Adriana Maggiore and
               Maire Mahony and
               Kieran Miller and
               Rahul Nagarajan and
               Ravi Narayanaswami and
               Ray Ni and
               Kathy Nix and
               Thomas Norrie and
               Mark Omernick and
               Narayana Penukonda and
               Andy Phelps and
               Jonathan Ross and
               Amir Salek and
               Emad Samadiani and
               Chris Severn and
               Gregory Sizikov and
               Matthew Snelham and
               Jed Souter and
               Dan Steinberg and
               Andy Swing and
               Mercedes Tan and
               Gregory Thorson and
               Bo Tian and
               Horia Toma and
               Erick Tuttle and
               Vijay Vasudevan and
               Richard Walter and
               Walter Wang and
               Eric Wilcox and
               Doe Hyun Yoon},
  title     = {In-Datacenter Performance Analysis of a Tensor Processing Unit},
  journal   = {CoRR},
  volume    = {abs/1704.04760},
  year      = {2017},
  url       = {http://arxiv.org/abs/1704.04760},
  archivePrefix = {arXiv},
  eprint    = {1704.04760},
  timestamp = {Mon, 13 Aug 2018 16:48:05 +0200},
  biburl    = {https://dblp.org/rec/bib/journals/corr/JouppiYPPABBBBB17},
  bibsource = {dblp computer science bibliography, https://dblp.org}
}


@misc{tf2015,
title={ {TensorFlow}: Large-Scale Machine Learning on Heterogeneous Systems},
url={https://www.tensorflow.org/},
note={Software available from tensorflow.org},
author={
    Mart\'{\i}n~Abadi and
    Ashish~Agarwal and
    Paul~Barham and
    Eugene~Brevdo and
    Zhifeng~Chen and
    Craig~Citro and
    Greg~S.~Corrado and
    Andy~Davis and
    Jeffrey~Dean and
    Matthieu~Devin and
    Sanjay~Ghemawat and
    Ian~Goodfellow and
    Andrew~Harp and
    Geoffrey~Irving and
    Michael~Isard and
    Yangqing Jia and
    Rafal~Jozefowicz and
    Lukasz~Kaiser and
    Manjunath~Kudlur and
    Josh~Levenberg and
    Dandelion~Man\'{e} and
    Rajat~Monga and
    Sherry~Moore and
    Derek~Murray and
    Chris~Olah and
    Mike~Schuster and
    Jonathon~Shlens and
    Benoit~Steiner and
    Ilya~Sutskever and
    Kunal~Talwar and
    Paul~Tucker and
    Vincent~Vanhoucke and
    Vijay~Vasudevan and
    Fernanda~Vi\'{e}gas and
    Oriol~Vinyals and
    Pete~Warden and
    Martin~Wattenberg and
    Martin~Wicke and
    Yuan~Yu and
    Xiaoqiang~Zheng},
  year={2015},
}
