@misc{openai2019,
  title={{AI and Compute}},
  author={{Dario Amodei, Danny Hernandez, Girish Sastry,
           Jack Clark, Greg Brockman, Ilya Sutskever}},
  year=2019,
  howpublished="\url{https://openai.com/blog/ai-and-compute/}",
}

@misc{spinnaker_project,
  title={{SpiNNaker Project}},
  author={{SpiNNaker Team}},
  year=2020,
  howpublished="\url{http://apt.cs.manchester.ac.uk/projects/SpiNNaker/project/}",
}

@misc{tf_2015,
  title={{Tensorflow: Large-Scale Machine Learning
          on Heterogenous Distributed Systems}},
  author={{MartÄ±n Abadi et al.}},
  year=2015,
  howpublished="\url{http://download.tensorflow.org/paper/whitepaper2015.pdf}",
}
