@article{lecun_et_al_2015,
author = {LeCun, Yann and Bengio, Y. and Hinton, Geoffrey},
year = {2015},
month = {05},
pages = {436-44},
title = {Deep Learning},
volume = {521},
journal = {Nature},
doi = {10.1038/nature14539}
}


@inproceedings{krizhevsky_et_al_2012,
  title={ImageNet Classification with Deep Convolutional Neural Networks},
  author={Alex Krizhevsky and Ilya Sutskever and Geoffrey E. Hinton},
  booktitle={NIPS},
  year={2012},
}


@ARTICLE{hinton_et_al_2012,
  author={G. {Hinton} and L. {Deng} and D. {Yu} and G. E. {Dahl} and A. {Mohamed} and N. {Jaitly} and A. {Senior} and V. {Vanhoucke} and P. {Nguyen} and T. N. {Sainath} and B. {Kingsbury}},
  journal={IEEE Signal Processing Magazine},
  title={Deep Neural Networks for Acoustic Modeling in Speech Recognition: The Shared Views of Four Research Groups},
  year={2012},
  volume={29},
  number={6},
  pages={82-97},
}


@article{ciodaro_et_al_2012,
author = {Ciodaro, T and Deva, D and Seixas, Joao and Oliveira Damazio, Denis},
year = {2012},
month = {06},
pages = {},
title = {Online particle detection with Neural Networks based on topological calorimetry information},
volume = {368},
journal = {Journal of Physics: Conference Series},
doi = {10.1088/1742-6596/368/1/012030}
}


@article{ma_et_al_2015,
  author = {Ma, Junshui and Sheridan, Robert and Liaw, Andy and Dahl, George and Svetnik, Vladimir},
  year = {2015},
  month = {01},
  pages = {},
  title = {Deep Neural Nets as a Method for Quantitative Structureâ€“Activity Relationships},
  volume = {55},
  journal = {Journal of chemical information and modeling},
  doi = {10.1021/ci500747n}
}


@article{leung_et_al_2014,
author = {Leung, Michael and Xiong, Hui and Lee, Leo and Frey, Brendan},
year = {2014},
month = {06},
pages = {i121-i129},
title = {Deep learning of the tissue-regulated splicing code},
volume = {30},
journal = {Bioinformatics (Oxford, England)},
doi = {10.1093/bioinformatics/btu277}
}


@article{silver_et_al_2016,
author = {Silver, David and Huang, Aja and Maddison, Christopher and Guez, Arthur and Sifre, Laurent and Driessche, George and Schrittwieser, Julian and Antonoglou, Ioannis and Panneershelvam, Veda and Lanctot, Marc and Dieleman, Sander and Grewe, Dominik and Nham, John and Kalchbrenner, Nal and Sutskever, Ilya and Lillicrap, Timothy and Leach, Madeleine and Kavukcuoglu, Koray and Graepel, Thore and Hassabis, Demis},
year = {2016},
month = {01},
pages = {484-489},
title = {Mastering the game of Go with deep neural networks and tree search},
volume = {529},
journal = {Nature},
doi = {10.1038/nature16961}
}
